@article {CoaseNature,
author = {Coase, R. H.},
title = {The Nature of the Firm},
journal = {Economica},
volume = {4},
number = {16},
publisher = {Blackwell Publishing Ltd},
issn = {1468-0335},
url = {http://dx.doi.org/10.1111/j.1468-0335.1937.tb00002.x},
doi = {10.1111/j.1468-0335.1937.tb00002.x},
pages = {386--405},
year = {1937},
}

@article{shapiro2007semi,
  title={Semi-analytic geometry with R-functions},
  author={Shapiro, Vadim},
  journal={ACTA numerica},
  volume={16},
  number={1},
  pages={239--303},
  year={2007},
  publisher={Cambridge Univ Press}
}

@techreport{shapiro1991theory,
  title={Theory of R-functions and applications: A primer},
  author={Shapiro, Vadim},
  year={1991},
  institution={Cornell University}
}

@article{pasko1995function,
  title={Function representation in geometric modeling: concepts, implementation and applications},
  author={Pasko, Alexander and Adzhiev, Valery and Sourin, Alexei and Savchenko, Vladimir},
  journal={The Visual Computer},
  volume={11},
  number={8},
  pages={429--446},
  year={1995},
  publisher={Springer}
}

@article{bezanson2012julia,
  title={Julia: A fast dynamic language for technical computing},
  author={Bezanson, Jeff and Karpinski, Stefan and Shah, Viral B and Edelman, Alan},
  journal={arXiv preprint arXiv:1209.5145},
  year={2012}
}


@article{linninger2009,
year={2009},
issn={0303-6812},
journal={Journal of Mathematical Biology},
volume={59},
number={6},
doi={10.1007/s00285-009-0250-2},
title={A mathematical model of blood, cerebrospinal fluid and brain dynamics},
url={http://dx.doi.org/10.1007/s00285-009-0250-2},
publisher={Springer-Verlag},
keywords={Cerebrospinal fluid; Communicating hydrocephalus; Intracranial pressure; Mathematical modeling; Computational fluid dynamics; 74F10; 76Z05; 92B05},
author={Linninger, AndreasA. and Xenos, Michalis and Sweetman, Brian and Ponkshe, Sukruti and Guo, Xiaodong and Penn, Richard},
pages={729-759},
language={English}
}

@book{stroud2006boundary,
  title={Boundary representation modelling techniques},
  author={Stroud, Ian},
  year={2006},
  publisher={Springer}
}

@article{lee2005cad,
  title={A CAD--CAE integration approach using feature-based multi-resolution and multi-abstraction modelling techniques},
  author={Lee, Sang Hun},
  journal={Computer-Aided Design},
  volume={37},
  number={9},
  pages={941--955},
  year={2005},
  publisher={Elsevier}
}

@article{rvachev2000completeness,
  title={On completeness of RFM solution structures},
  author={Rvachev, Vladimir L and Sheiko, Tatyana I and Shapiro, Vadim and Tsukanov, I},
  journal={Computational Mechanics},
  volume={25},
  number={2-3},
  pages={305--317},
  year={2000},
  publisher={Springer}
}

@article{lubin2013computing,
  title={Computing in Operations Research using Julia},
  author={Lubin, Miles and Dunning, Iain},
  journal={arXiv preprint arXiv:1312.1431},
  year={2013}
}

@article{voron2010,
year={2010},
issn={1072-3374},
journal={Journal of Mathematical Sciences},
volume={170},
number={6},
doi={10.1007/s10958-010-0120-x},
title={Mathematical modeling of heat conduction processes for structural elements of nuclear power plants by the method of R-functions},
url={http://dx.doi.org/10.1007/s10958-010-0120-x},
publisher={Springer US},
author={Voronyanskaya, M.E. and Maksimenko-Sheiko, K.V. and Sheiko, T.I.},
pages={776-793},
language={English}
}

@misc{Olah_2011,
title={Manipulation of Implicit Functions (With an Eye on CAD) | Christopher Olah’s Blog},
howpublished={\url{https://christopherolah.wordpress.com/2011/11/06/manipulation-of-implicit-functions-with-an-eye-on-cad/}},
author={Olah, Christopher},
year={2011},
month={Nov}}

@misc{OpenVDB,
howpublished={\url{http://www.openvdb.org/}}}

@misc{Gappa,
howpublished={\url{http://gappa.gforge.inria.fr/}}}

@article{DiCarlo_Paoluzzi_Shapiro_2014,
title={Linear algebraic representation for topological structures},
volume={46}, ISSN={00104485}, url={http://linkinghub.elsevier.com/retrieve/pii/S001044851300184X}, DOI={10.1016/j.cad.2013.08.044}, journal={Computer-Aided Design}, author={DiCarlo, Antonio and Paoluzzi, Alberto and Shapiro, Vadim}, year={2014}, month={Jan}, pages={269–274}}

@inbook{Bischoff_Botsch_Steinberg_Bischoff_Kobbelt_Aachen_2002, title={OpenMesh–a generic and efficient polygon mesh data structure}, url={https://www.graphics.rwth-aachen.de/media/papers/openmesh1.pdf}, booktitle={In OpenSG Symposium}, author={Bischoff, Botsch Steinberg and Botsch, M. and Steinberg, S. and Bischoff, S. and Kobbelt, L. and Aachen, Rwth}, year={2002}}

@inbook{Tupper_2001, title={Reliable two-dimensional graphing methods for mathematical formulae with two free variables},
url={http://dl.acm.org/citation.cfm?id=383267},
booktitle={Proceedings of the 28th annual conference on Computer graphics and interactive techniques}, publisher={ACM}, author={Tupper, Jeff}, year={2001}, pages={77–86}}

@misc{Tzur,
title={Contouring Implicit Surfaces},
howpublished={\url{http://www.sandboxie.com/misc/isosurf/isosurfaces.html}},
author={Tzur, Ronen}}

@misc{Baerentzen_Aanaes, title={Generating Signed Distance Fields From Triangle Meshes}, url={http://www.google.com/url?sa=t&rct=j&q=&esrc=s&source=web&cd=5&ved=0CDsQFjAE&url=http%3A%2F%2Forbit.dtu.dk%2Ffedora%2Fobjects%2Forbit%3A78321%2Fdatastreams%2Ffile_2780006%2Fcontent&ei=yZVcVbK9CYGVyATC6YDQBg&usg=AFQjCNHwY57Qidh9WvJt4ihcBIsaOT39aw&sig2=4tkZsI9XoxR5uqT5dzDlcg&bvm=bv.93756505,d.aWw}, author={Baerentzen, Andreas and Aanaes, Henrik}}

@inbook{Cao_Tagliasacchi_Olson_Zhang_Su_2010, title={Point cloud skeletons via laplacian based contraction}, url={http://ieeexplore.ieee.org/xpls/abs_all.jsp?arnumber=5521461}, booktitle={Shape Modeling International Conference (SMI), 2010}, publisher={IEEE}, author={Cao, Junjie and Tagliasacchi, Andrea and Olson, Matt and Zhang, Hao and Su, Zhixun}, year={2010}, pages={187–197}}

@inbook{Shamos_1999, title={The Early Years of Computational Geometry—a Personal}, volume={223}, url={http://books.google.com/books?hl=en&lr=&id=vtkaCAAAQBAJ&oi=fnd&pg=PA313&dq=%22of+the+Physics+Department+at+New+York+University+and+is+now+emeritus.%22+%22and+surveyor,+laid+out+rights+of+way+for+the+New+York+Central+Railroad.%22+&ots=g1xS9nSLXZ&sig=2nCuvnOWKpHdOcdsT5KLXer4JvQ}, booktitle={Advances in Discrete and Computational Geometry: Proceedings of the 1996 AMS-IMS-SIAM Joint Summer Research Conference, Discrete and Computational Geometry–Ten Years Later, July 14-18, 1996, Mount Holyoke College}, publisher={American Mathematical Soc.}, author={Shamos, Michael Ian}, year={1999}, pages={313}}

@article{Shugrina_Shamir_Matusik_2015, title={Fab forms: customizable objects for fabrication with validity and geometry caching}, volume={34}, url={http://dl.acm.org/citation.cfm?id=2766994}, number={4}, journal={ACM Transactions on Graphics (TOG)}, author={Shugrina, Maria and Shamir, Ariel and Matusik, Wojciech}, year={2015}, pages={100}}

@misc{Shewchuk, title={Fast Robust Predicates for Computational Geometry}, url={http://www.cs.cmu.edu/~quake/robust.html}, author={Shewchuk, Jonathan}}

@book{Heckbert_Garland_1997, title={Survey of polygonal surface simplification algorithms}, url={http://oai.dtic.mil/oai/oai?verb=getRecord&metadataPrefix=html&identifier=ADA461098}, institution={DTIC Document}, author={Heckbert, Paul S. and Garland, Michael}, year={1997}}

@book{Pasko_Adzhiev_Comninos_2008, place={Berlin; New York}, title={Heterogeneous objects modelling and applications collection of papers on foundations and practice}, ISBN={978-3-540-68443-5}, url={http://site.ebrary.com/id/10532818}, publisher={Springer}, author={Pasko, Alexander and Adzhiev, Valery and Comninos, Peter}, year={2008}}

@inbook{Tognazzini_1993, title={Principles, techniques, and ethics of stage magic and their application to human interface design}, url={http://dl.acm.org/citation.cfm?id=169284}, booktitle={Proceedings of the INTERACT’93 and CHI’93 Conference on Human Factors in Computing Systems}, publisher={ACM}, author={Tognazzini, Bruce}, year={1993}, pages={355–362}}

@article{Henderson_2002, title={Functional geometry}, volume={15}, url={http://link.springer.com/article/10.1023/A:1022986521797}, number={4}, journal={Higher-order and symbolic computation}, author={Henderson, Peter}, year={2002}, pages={349–365}}

@article{Hijazi_Knoll_Schott_Kensler_Hansen_Hagen_2008, title={CSG Operations of Arbitrary Primitives with Interval Arithmetic and Real-Time Ray Tracing}, url={http://www.cs.utah.edu/~aek/research/csgimplicits.pdf}, journal={Utah: SCI Institute, University of Utah}, author={Hijazi, Younis and Knoll, Aaron and Schott, Mathias and Kensler, Andrew and Hansen, Charles and Hagen, Hans}, year={2008}}

@article{Kettner_Mehlhorn_Pion_Schirra_Yap_2008, title={Classroom examples of robustness problems in geometric computations}, volume={40}, ISSN={09257721}, url={http://linkinghub.elsevier.com/retrieve/pii/S0925772107000697}, DOI={10.1016/j.comgeo.2007.06.003}, number={1}, journal={Computational Geometry}, author={Kettner, Lutz and Mehlhorn, Kurt and Pion, Sylvain and Schirra, Stefan and Yap, Chee}, year={2008}, month={May}, pages={61–78}}

@inproceedings{Chen2014,
Title = {Parallel Prefix Polymorphism Permits Parallelization, Presentation & Proof},
Author = {Jiahao Chen and Alan Edelman},
Booktitle = {Proceedings of the 1st Workshop on High Performance Technical Computing in Dynamic Languages},
Publisher = {ACM},
Address = {New York, NY},
Year = {2014}}

@article{Bezanson_Edelman_Karpinski_Shah_2014, title={Julia: A fresh approach to numerical computin}, url={http://arxiv.org/abs/1411.1607}, journal={arXiv preprint arXiv:1411.1607}, author={Bezanson, Jeff and Edelman, Alan and Karpinski, Stefan and Shah, Viral B.}, year={2014}}

@article{McCarthy_1966, title={4E. RECURSIVE FUNCTIONS OF SYMBOLIC EXPRESSIONS AND THEIR COMPUTATION BY MACHINE, PART I}, journal={Programming systems and languages}, author={McCarthy, John}, year={1966}, pages={455}}

@misc{Hoare, title={Hints on Programming Language Design}, url={http://web.eecs.umich.edu/~bchandra/courses/papers/Hoare_Hints.pdf}, author={Hoare, C.A.R.}}


